%YAML 1.1
%TAG !u! tag:unity3d.com,2011:
--- !u!1 &2398591044874993943
GameObject:
  m_ObjectHideFlags: 0
  m_CorrespondingSourceObject: {fileID: 0}
  m_PrefabInstance: {fileID: 0}
  m_PrefabAsset: {fileID: 0}
  serializedVersion: 6
  m_Component:
  - component: {fileID: 7669572496114396400}
  - component: {fileID: 8168661168599511533}
  - component: {fileID: 499499724}
  m_Layer: 8
  m_Name: PineTree1
  m_TagString: Tree
  m_Icon: {fileID: 0}
  m_NavMeshLayer: 0
  m_StaticEditorFlags: 0
  m_IsActive: 1
--- !u!4 &7669572496114396400
Transform:
  m_ObjectHideFlags: 0
  m_CorrespondingSourceObject: {fileID: 0}
  m_PrefabInstance: {fileID: 0}
  m_PrefabAsset: {fileID: 0}
  m_GameObject: {fileID: 2398591044874993943}
  m_LocalRotation: {x: 0, y: 0.3907311, z: 0, w: 0.9205049}
  m_LocalPosition: {x: 114, y: 0, z: 142}
  m_LocalScale: {x: 1, y: 1, z: 1}
  m_Children:
  - {fileID: 8803373514558136974}
  - {fileID: 7984276245409477212}
  m_Father: {fileID: 0}
  m_RootOrder: 0
  m_LocalEulerAnglesHint: {x: 0, y: 46, z: 0}
--- !u!136 &8168661168599511533
CapsuleCollider:
  m_ObjectHideFlags: 0
  m_CorrespondingSourceObject: {fileID: 0}
  m_PrefabInstance: {fileID: 0}
  m_PrefabAsset: {fileID: 0}
  m_GameObject: {fileID: 2398591044874993943}
  m_Material: {fileID: 0}
  m_IsTrigger: 0
  m_Enabled: 1
  m_Radius: 2
  m_Height: 10
  m_Direction: 1
  m_Center: {x: 0, y: 5, z: 0}
--- !u!114 &499499724
MonoBehaviour:
  m_ObjectHideFlags: 0
  m_CorrespondingSourceObject: {fileID: 0}
  m_PrefabInstance: {fileID: 0}
  m_PrefabAsset: {fileID: 0}
  m_GameObject: {fileID: 2398591044874993943}
  m_Enabled: 1
  m_EditorHideFlags: 0
  m_Script: {fileID: 11500000, guid: 9ea5ef94509782e4ea082963cf223d7c, type: 3}
  m_Name: 
  m_EditorClassIdentifier: 
  data: {fileID: 11400000, guid: 52c2f87d27f8f1443848695115b359ed, type: 2}
  structure: {fileID: 0}
  jobRuntimeSet: {fileID: 11400000, guid: 0afac64a9d4f83d46bd5034466cfaf35, type: 2}
  maxWorkers: 1
  skill: {fileID: 11400000, guid: 3c0cc0aa6be179441905b0cec1dfc2af, type: 2}
  looseResourceEventChannel: {fileID: 11400000, guid: 88ad6629dc0d49d4bb1507a69e60dbcb, type: 2}
  axeIcon: {fileID: 8861699989465397728}
  chopCancelChannel: {fileID: 11400000, guid: 043d5d134a287814e980822c61145342, type: 2}
  cameraFocusVariable: {fileID: 11400000, guid: 51f60d66a73096947a5dbbe3ef94fc1a, type: 2}
--- !u!1 &8803373514558380024
GameObject:
  m_ObjectHideFlags: 0
  m_CorrespondingSourceObject: {fileID: 0}
  m_PrefabInstance: {fileID: 0}
  m_PrefabAsset: {fileID: 0}
  serializedVersion: 6
  m_Component:
  - component: {fileID: 8803373514558136974}
  - component: {fileID: 8803373514559347128}
  - component: {fileID: 8803373514560385158}
  m_Layer: 8
  m_Name: Pine_Tree_l_01
  m_TagString: Untagged
  m_Icon: {fileID: 0}
  m_NavMeshLayer: 0
  m_StaticEditorFlags: 0
  m_IsActive: 1
--- !u!4 &8803373514558136974
Transform:
  m_ObjectHideFlags: 0
  m_CorrespondingSourceObject: {fileID: 0}
  m_PrefabInstance: {fileID: 0}
  m_PrefabAsset: {fileID: 0}
  m_GameObject: {fileID: 8803373514558380024}
  m_LocalRotation: {x: -0, y: -0, z: -0, w: 1}
  m_LocalPosition: {x: 0, y: 0, z: 0}
  m_LocalScale: {x: 1, y: 1, z: 1}
  m_Children: []
  m_Father: {fileID: 7669572496114396400}
  m_RootOrder: 0
  m_LocalEulerAnglesHint: {x: 0, y: 0, z: 0}
--- !u!33 &8803373514559347128
MeshFilter:
  m_ObjectHideFlags: 0
  m_CorrespondingSourceObject: {fileID: 0}
  m_PrefabInstance: {fileID: 0}
  m_PrefabAsset: {fileID: 0}
  m_GameObject: {fileID: 8803373514558380024}
  m_Mesh: {fileID: 4300000, guid: 761976ae0bf59b9459e5d35c0f26e24b, type: 3}
--- !u!23 &8803373514560385158
MeshRenderer:
  m_ObjectHideFlags: 0
  m_CorrespondingSourceObject: {fileID: 0}
  m_PrefabInstance: {fileID: 0}
  m_PrefabAsset: {fileID: 0}
  m_GameObject: {fileID: 8803373514558380024}
  m_Enabled: 1
  m_CastShadows: 1
  m_ReceiveShadows: 1
  m_DynamicOccludee: 1
  m_MotionVectors: 1
  m_LightProbeUsage: 1
  m_ReflectionProbeUsage: 1
  m_RayTracingMode: 2
  m_RayTraceProcedural: 0
  m_RenderingLayerMask: 1
  m_RendererPriority: 0
  m_Materials:
  - {fileID: 2100000, guid: 35c4bacfbc0048a44a996277d0b4136f, type: 2}
  m_StaticBatchInfo:
    firstSubMesh: 0
    subMeshCount: 0
  m_StaticBatchRoot: {fileID: 0}
  m_ProbeAnchor: {fileID: 0}
  m_LightProbeVolumeOverride: {fileID: 0}
  m_ScaleInLightmap: 1
  m_ReceiveGI: 1
  m_PreserveUVs: 0
  m_IgnoreNormalsForChartDetection: 0
  m_ImportantGI: 0
  m_StitchLightmapSeams: 1
  m_SelectedEditorRenderState: 3
  m_MinimumChartSize: 4
  m_AutoUVMaxDistance: 0.5
  m_AutoUVMaxAngle: 89
  m_LightmapParameters: {fileID: 0}
  m_SortingLayerID: 0
  m_SortingLayer: 0
  m_SortingOrder: 0
  m_AdditionalVertexStreams: {fileID: 0}
--- !u!1001 &5541846085107581363
PrefabInstance:
  m_ObjectHideFlags: 0
  serializedVersion: 2
  m_Modification:
    m_TransformParent: {fileID: 7669572496114396400}
    m_Modifications:
    - target: {fileID: 1089753627802792944, guid: 716b7fa6ae80a5a49b14f6619e4e2c0c, type: 3}
      propertyPath: m_Name
      value: AxeIcon
      objectReference: {fileID: 0}
    - target: {fileID: 2460460003597923311, guid: 716b7fa6ae80a5a49b14f6619e4e2c0c, type: 3}
      propertyPath: m_RootOrder
      value: 1
      objectReference: {fileID: 0}
    - target: {fileID: 2460460003597923311, guid: 716b7fa6ae80a5a49b14f6619e4e2c0c, type: 3}
      propertyPath: m_LocalPosition.x
      value: 0
      objectReference: {fileID: 0}
    - target: {fileID: 2460460003597923311, guid: 716b7fa6ae80a5a49b14f6619e4e2c0c, type: 3}
      propertyPath: m_LocalPosition.y
      value: 18.04
      objectReference: {fileID: 0}
    - target: {fileID: 2460460003597923311, guid: 716b7fa6ae80a5a49b14f6619e4e2c0c, type: 3}
      propertyPath: m_LocalPosition.z
      value: 0
      objectReference: {fileID: 0}
    - target: {fileID: 2460460003597923311, guid: 716b7fa6ae80a5a49b14f6619e4e2c0c, type: 3}
      propertyPath: m_LocalRotation.w
      value: 1
      objectReference: {fileID: 0}
    - target: {fileID: 2460460003597923311, guid: 716b7fa6ae80a5a49b14f6619e4e2c0c, type: 3}
      propertyPath: m_LocalRotation.x
      value: 0
      objectReference: {fileID: 0}
    - target: {fileID: 2460460003597923311, guid: 716b7fa6ae80a5a49b14f6619e4e2c0c, type: 3}
      propertyPath: m_LocalRotation.y
      value: 0
      objectReference: {fileID: 0}
    - target: {fileID: 2460460003597923311, guid: 716b7fa6ae80a5a49b14f6619e4e2c0c, type: 3}
      propertyPath: m_LocalRotation.z
      value: 0
      objectReference: {fileID: 0}
    - target: {fileID: 2460460003597923311, guid: 716b7fa6ae80a5a49b14f6619e4e2c0c, type: 3}
      propertyPath: m_LocalEulerAnglesHint.x
      value: 0
      objectReference: {fileID: 0}
    - target: {fileID: 2460460003597923311, guid: 716b7fa6ae80a5a49b14f6619e4e2c0c, type: 3}
      propertyPath: m_LocalEulerAnglesHint.y
      value: 0
      objectReference: {fileID: 0}
    - target: {fileID: 2460460003597923311, guid: 716b7fa6ae80a5a49b14f6619e4e2c0c, type: 3}
      propertyPath: m_LocalEulerAnglesHint.z
      value: 0
      objectReference: {fileID: 0}
    m_RemovedComponents:
    - {fileID: 5862543852543246857, guid: 716b7fa6ae80a5a49b14f6619e4e2c0c, type: 3}
  m_SourcePrefab: {fileID: 100100000, guid: 716b7fa6ae80a5a49b14f6619e4e2c0c, type: 3}
--- !u!4 &7984276245409477212 stripped
Transform:
  m_CorrespondingSourceObject: {fileID: 2460460003597923311, guid: 716b7fa6ae80a5a49b14f6619e4e2c0c, type: 3}
  m_PrefabInstance: {fileID: 5541846085107581363}
  m_PrefabAsset: {fileID: 0}
--- !u!114 &8861699989465397728 stripped
MonoBehaviour:
  m_CorrespondingSourceObject: {fileID: 3896601689478723667, guid: 716b7fa6ae80a5a49b14f6619e4e2c0c, type: 3}
  m_PrefabInstance: {fileID: 5541846085107581363}
  m_PrefabAsset: {fileID: 0}
  m_GameObject: {fileID: 0}
  m_Enabled: 1
  m_EditorHideFlags: 0
  m_Script: {fileID: 11500000, guid: 526ee216cde1734488fcf015c98b4178, type: 3}
  m_Name: 
  m_EditorClassIdentifier: 
